@article{sugiyama2008traffic,
  title={Traffic jams without bottlenecksâ€”experimental evidence for the physical mechanism of the formation of a jam},
  author={Sugiyama, Yuki and Fukui, Minoru and Kikuchi, Macoto and Hasebe, Katsuya and Nakayama, Akihiro and Nishinari, Katsuhiro and Tadaki, Shin-ichi and Yukawa, Satoshi},
  journal={New journal of physics},
  volume={10},
  number={3},
  pages={033001},
  year={2008},
  publisher={IOP Publishing}
}


@article{yang2015construction,
  title={Construction performance monitoring via still images, time-lapse photos, and video streams: Now, tomorrow, and the future},
  author={Yang, Jun and Park, Man-Woo and Vela, Patricio A and Golparvar-Fard, Mani},
  journal={Advanced Engineering Informatics},
  volume={29},
  number={2},
  pages={211--224},
  year={2015},
  publisher={Elsevier}
}

@incollection{ni2013rgbd,
  title={Rgbd-hudaact: A color-depth video database for human daily activity recognition},
  author={Ni, Bingbing and Wang, Gang and Moulin, Pierre},
  booktitle={Consumer Depth Cameras for Computer Vision},
  pages={193--208},
  year={2013},
  publisher={Springer}
}

@article{zaccaro2015assessing,
  title={Assessing the reliability and validity of direct observation and traffic camera streams to measure helmet and motorcycle use},
  author={Zaccaro, Heather N and Carbone, Emily C and Dsouza, Nishita and Xu, Michelle R and Byrne, Mary C and Kraemer, John D},
  journal={Injury prevention},
  volume={21},
  number={6},
  pages={415--417},
  year={2015},
  publisher={BMJ Publishing Group Ltd}
}

@article{jo2014traffic,
  title={Traffic information acquisition system with ultrasonic sensors in wireless sensor networks},
  author={Jo, Youngtae and Choi, Jinsup and Jung, Inbum},
  journal={International Journal of Distributed Sensor Networks},
  volume={10},
  number={5},
  pages={961073},
  year={2014},
  publisher={SAGE Publications}
}

@article{harrison2014cognitive,
  title={Cognitive workload and learning assessment during the implementation of a next-generation air traffic control technology using functional near-infrared spectroscopy},
  author={Harrison, Joshua and {\.I}zzeto{\u{g}}lu, Kurtulu{\c{s}} and Ayaz, Hasan and Willems, Ben and Hah, Sehchang and Ahlstrom, Ulf and Woo, Hyun and Shewokis, Patricia A and Bunce, Scott C and Onaral, Banu},
  journal={IEEE Transactions on Human-Machine Systems},
  volume={44},
  number={4},
  pages={429--440},
  year={2014},
  publisher={IEEE}
}

@article{ma2016distribution,
  title={The distribution process of traffic contamination on roadside surface and the influence of meteorological conditions revealed by magnetic monitoring},
  author={Ma, Mingming and Hu, Shouyun and Wang, Longsheng and Appel, Erwin},
  journal={Environmental monitoring and assessment},
  volume={188},
  number={11},
  pages={650},
  year={2016},
  publisher={Springer}
}

@article{timotheou2015distributed,
  title={Distributed traffic signal control using the cell transmission model via the alternating direction method of multipliers},
  author={Timotheou, Stelios and Panayiotou, Christos G and Polycarpou, Marios M},
  journal={IEEE Transactions on Intelligent Transportation Systems},
  volume={16},
  number={2},
  pages={919--933},
  year={2015},
  publisher={IEEE}
}


@article{singla2014motion,
  title={Motion detection based on frame difference method},
  author={Singla, Nishu},
  journal={International Journal of Information \& Computation Technology},
  volume={4},
  number={15},
  pages={1559--1565},
  year={2014}
}


@article{sobral2014comprehensive,
  title={A comprehensive review of background subtraction algorithms evaluated with synthetic and real videos},
  author={Sobral, Andrews and Vacavant, Antoine},
  journal={Computer Vision and Image Understanding},
  volume={122},
  pages={4--21},
  year={2014},
  publisher={Elsevier}
}